@book{Roederer,
  author    = {Juan G. Roederer},
  title     = {Mec√°nica Elemental},
  edition   = {5},
  year      = {2017},
  publisher = {Eudeba}
}
